<?xml version="1.0" encoding="UTF-8"?><collection xmlns="http://www.loc.gov/MARC21/slim"><record><leader>00477nam--2200181-i-4500</leader><controlfield tag="001">000013498</controlfield><controlfield tag="002">20161230</controlfield><controlfield tag="005">20161230201030</controlfield><controlfield tag="008">060222s1000------------r-----000-0-rus-d</controlfield><datafield ind1=" " ind2=" " tag="040"><subfield code="a">IFIN-HH</subfield></datafield><datafield ind1=" " ind2=" " tag="041"><subfield code="a">rus</subfield></datafield><datafield ind1=" " ind2=" " tag="080"><subfield code="a">535.33:539.196</subfield></datafield><datafield ind1="1" ind2=" " tag="100"><subfield code="a">Nesmelova, L.I</subfield></datafield><datafield ind1="1" ind2="0" tag="245"><subfield code="a">Spectroskopia krilev linii</subfield><subfield code="c">L.i. nesmelova; s.d. tvorogov; v.v. fomin</subfield></datafield><datafield ind1=" " ind2=" " tag="260"><subfield code="a">Novosibirsk</subfield><subfield code="b">Nauka</subfield><subfield code="c">1977</subfield></datafield><datafield ind1="1" ind2=" " tag="700"><subfield code="a">Fomin, V.V</subfield></datafield><datafield ind1=" " ind2=" " tag="852"><subfield code="a">45471</subfield><subfield code="c">535.33</subfield></datafield><datafield ind1=" " ind2=" " tag="CAT"><subfield code="a">Sys</subfield><subfield code="c">20101214</subfield><subfield code="h">090743</subfield></datafield></record></collection>